<mx:record xmlns="http://www.w3.org/TR/xhtml1/strict" xmlns:mx="http://www.loc.gov/MARC21/slim" xmlns:xsi="http://www.w3.org/2001/XMLSchema-instance"><mx:leader>00000cz   2200000n  4500</mx:leader><mx:controlfield tag="001">oca00106204 </mx:controlfield><mx:controlfield tag="005">19921008112208.1</mx:controlfield><mx:controlfield tag="008">801215n| acannaab|          |a aaa |||  </mx:controlfield><mx:datafield ind1=" " ind2=" " tag="010"><mx:subfield code="a">n  50072242 </mx:subfield></mx:datafield><mx:datafield ind1=" " ind2=" " tag="040"><mx:subfield code="a">DLC</mx:subfield><mx:subfield code="c">DLC</mx:subfield><mx:subfield code="d">DLC</mx:subfield></mx:datafield><mx:datafield ind1="0" ind2=" " tag="100"><mx:subfield code="a">Geoffrey,</mx:subfield><mx:subfield code="c">of Monmouth, Bishop of St. Asaph,</mx:subfield><mx:subfield code="d">1100?-1154.</mx:subfield></mx:datafield><mx:datafield ind1="0" ind2=" " tag="400"><mx:subfield code="a">Galfredus,</mx:subfield><mx:subfield code="c">Monumetensis, Bishop of St. Asaph,</mx:subfield><mx:subfield code="d">1100?-1154</mx:subfield></mx:datafield><mx:datafield ind1="0" ind2=" " tag="400"><mx:subfield code="a">Galfridus,</mx:subfield><mx:subfield code="c">Monemutensis, Bishop of St. Asaph,</mx:subfield><mx:subfield code="d">1100?-1154</mx:subfield></mx:datafield><mx:datafield ind1="0" ind2=" " tag="400"><mx:subfield code="a">Gaufridus Arturus,</mx:subfield><mx:subfield code="c">Bishop of St. Asaph,</mx:subfield><mx:subfield code="d">1100?-1154</mx:subfield></mx:datafield><mx:datafield ind1="0" ind2=" " tag="400"><mx:subfield code="a">Gefferey,</mx:subfield><mx:subfield code="c">of Monmouth, Bishop of St. Asaph,</mx:subfield><mx:subfield code="d">1100?-1154</mx:subfield></mx:datafield><mx:datafield ind1="0" ind2=" " tag="400"><mx:subfield code="a">Geoffroy,</mx:subfield><mx:subfield code="c">de Monmouth, Bishop of St. Asaph,</mx:subfield><mx:subfield code="d">1100?-1154</mx:subfield></mx:datafield><mx:datafield ind1="0" ind2=" " tag="400"><mx:subfield code="a">Gottfried,</mx:subfield><mx:subfield code="c">von Monmouth, Bishop of St. Asaph,</mx:subfield><mx:subfield code="d">1100?-1154</mx:subfield></mx:datafield><mx:datafield ind1="0" ind2=" " tag="400"><mx:subfield code="a">Jeffery,</mx:subfield><mx:subfield code="c">of Monmouth, Bishop of St. Asaph,</mx:subfield><mx:subfield code="d">1100?-1154</mx:subfield></mx:datafield><mx:datafield ind1="0" ind2=" " tag="400"><mx:subfield code="a">Jeffrey,</mx:subfield><mx:subfield code="c">of Monmouth, Bishop of St. Asaph,</mx:subfield><mx:subfield code="d">1100?-1154</mx:subfield></mx:datafield><mx:datafield ind1="1" ind2=" " tag="400"><mx:subfield code="a">Monmouth, Geoffrey of,</mx:subfield><mx:subfield code="c">Bishop of St. Asaph,</mx:subfield><mx:subfield code="d">1100?-1154</mx:subfield></mx:datafield><mx:datafield ind1="0" ind2=" " tag="400"><mx:subfield code="a">Geoffrey of Monmouth,</mx:subfield><mx:subfield code="c">Bp. of St. Asaph,</mx:subfield><mx:subfield code="d">1100?-1154</mx:subfield><mx:subfield code="w">nnaa</mx:subfield></mx:datafield><mx:datafield ind1="0" ind2=" " tag="400"><mx:subfield code="a">Goffredo,</mx:subfield><mx:subfield code="c">di Monmouth, Bishop of St. Asaph,</mx:subfield><mx:subfield code="d">1100?-1154</mx:subfield></mx:datafield><mx:datafield ind1=" " ind2=" " tag="670"><mx:subfield code="a">His British history, 1718.</mx:subfield></mx:datafield><mx:datafield ind1=" " ind2=" " tag="670"><mx:subfield code="a">Prophetia Merlini (Geoffrey of Monmouth). La profezia di Merlino, 1990:</mx:subfield><mx:subfield code="b">t.p. (Goffredo di Monmouth)</mx:subfield></mx:datafield></mx:record>